<?xml version="1.0" encoding="UTF-8"?><collection xmlns="http://www.loc.gov/MARC21/slim"><record><leader>00341nam--2200121-i-4500</leader><controlfield tag="001">000012164</controlfield><controlfield tag="002">20161230</controlfield><controlfield tag="005">20161230201029</controlfield><controlfield tag="008">060222s1000------------r-----000-0-eng-d</controlfield><datafield ind1=" " ind2=" " tag="080"><subfield code="a">538.9(047.3)</subfield></datafield><datafield ind1=" " ind2=" " tag="245"><subfield code="a">Aus der arbeit des methodisch diagnostischen zentrums im zfw</subfield></datafield><datafield ind1=" " ind2=" " tag="260"><subfield code="a">Dresden, Akademie Der Wissenschaften, 1977 95 P</subfield></datafield><datafield ind1=" " ind2=" " tag="852"><subfield code="a">44756</subfield></datafield></record></collection>